<record><leader>00000cas a22000007a 4500</leader><controlfield tag="001">14366742</controlfield><controlfield tag="008">861009c19609999txudn ne      0    0eng d</controlfield><datafield ind1=" " ind2=" " tag="010"><subfield code="a">sn 86089487 </subfield></datafield><datafield ind1=" " ind2=" " tag="040"><subfield code="a">PPM</subfield><subfield code="b">eng</subfield><subfield code="c">PPM</subfield><subfield code="d">OCLCQ</subfield></datafield><datafield ind1=" " ind2=" " tag="042"><subfield code="a">msc</subfield></datafield><datafield ind1="0" ind2="4" tag="245"><subfield code="a">The Irving daily news Texan.</subfield></datafield><datafield ind1="3" ind2="0" tag="246"><subfield code="a">Daily news-Texan</subfield></datafield><datafield ind1="1" ind2="7" tag="246"><subfield code="a">News Texan</subfield></datafield><datafield ind1=" " ind2=" " tag="260"><subfield code="a">Irving, Tex. :</subfield><subfield code="b">Staley T. McBrayer</subfield></datafield><datafield ind1=" " ind2=" " tag="300"><subfield code="a">v. :</subfield><subfield code="b">ill.</subfield></datafield><datafield ind1=" " ind2=" " tag="310"><subfield code="a">Daily (except Mon.)</subfield></datafield><datafield ind1="0" ind2=" " tag="362"><subfield code="a">Vol. 56, no. 43 (Oct. 19, 1960)-</subfield></datafield><datafield ind1=" " ind2=" " tag="500"><subfield code="a">Saturday edition called: Daily news-Texan.</subfield></datafield><datafield ind1=" " ind2=" " tag="752"><subfield code="a">United States</subfield><subfield code="b">Texas</subfield><subfield code="c">Dallas</subfield><subfield code="d">Irving.</subfield></datafield><datafield ind1="0" ind2="0" tag="780"><subfield code="t">Irving news record</subfield></datafield></record>